@phdthesis{Gra-2018,
  author={Gracia Danies, F.},
  title ={Application de la Méthode des Points Matériels aux
          phénomènes gravitaires},
  school={Univ. Grenoble Alpes},
  year={2018}
}
@book{BonWoo-2008,
  title={Nonlinear Continuum Mechanics for Finite Element Analysis},
  author={Bonet, J. and Wood, R. D.},
  year={2008},
  publisher={Cambridge University Press}
}
@article{NguComCai-2014,
  title={FEM$\times$ DEM modelling of cohesive granular materials: numerical homogenisation and multi-scale simulations},
  author={Nguyen, T. K and Combe, G. and Caillerie, D. and Desrues, J.},
  journal={Acta Geophysica},
  volume={62},
  number={5},
  pages={1109--1126},
  year={2014},
  publisher={Springer}
}

